@INPROCEEDINGS{6691600,
author={Yasui, Y. and Fujisawa, K. and Goto, K.},
booktitle={Big Data, 2013 IEEE International Conference on},
title={NUMA-optimized parallel breadth-first search on multicore single-node system},
year={2013},
month={Oct},
pages={394-402},
keywords={multiprocessing systems;parallel algorithms;storage management;tree searching;4-way Intel Xeon E5-4640 system;ASUS Pad TF700T;BFS;Graph500 benchmark;Green Graph500;Kronecker graph;NUMA-optimized parallel breadth-first search;NVIDIA Tegra 3 mobile processor;adjacency list;bottom-up algorithm;column-wise partitioning;graph edges;graph theory;graph vertices;multicore single-node system;nonuniform memory access architecture;small-world graph;supercomputer;top-down algorithm;Approximation algorithms;Benchmark testing;Computer architecture;Instruction sets;Kernel;Partitioning algorithms;Random access memory;Breadth-first search;graph algorithms;multicore processing;parallel algorithms},
doi={10.1109/BigData.2013.6691600},}


@inproceedings{Leiserson:2010:WPB:1810479.1810534,
 author = {Leiserson, Charles E. and Schardl, Tao B.},
 title = {A Work-efficient Parallel Breadth-first Search Algorithm (or How to Cope with the Nondeterminism of Reducers)},
 booktitle = {Proceedings of the Twenty-second Annual ACM Symposium on Parallelism in Algorithms and Architectures},
 series = {},
 year = {2010},
 isbn = {978-1-4503-0079-7},
 location = {Thira, Santorini, Greece},
 pages = {303-314},
 numpages = {12},
 url = {http://doi.acm.org/10.1145/1810479.1810534},
 doi = {10.1145/1810479.1810534},
 acmid = {1810534},
 publisher = {},
 address = {},
 keywords = {breadth-first search, cilk, graph algorithms, hyperobjects, multithreading, nondeterminism, parallel algorithms, reducers, work-stealing},
}



@ARTICLE{Berrendorf:14,
        AUTHOR =        {R. Berrendorf},
        TITLE =         {A Technique to Avoid Atomic Operations on Large Shared Memory Parallel Systems},
        JOURNAL =       {International Journal on Advances in Software},
        Volume =        {7},
        Number =        {1 \& 2},
        Pages =         {197-210},
        Month =         {},
        YEAR =          {2014},
        Note =          {},
        summary =       {}
        }

@article{beamer2011searching,
  title={Searching for a Parent Instead of Fighting Over Children: A Fast Breadth-First Search Implementation for Graph500},
  author={Beamer, Scott and Asanovi, Krste and Patterson, David A},
  year={2011}
}




